<record><leader>00000cas a22000007a 4500</leader><controlfield tag="001">19056321</controlfield><controlfield tag="008">890124d18811923nyuwr ne      0    0eng d</controlfield><controlfield tag="009">148</controlfield><datafield ind1=" " ind2=" " tag="010"><subfield code="a">sn 89071100 </subfield></datafield><datafield ind1=" " ind2=" " tag="040"><subfield code="a">NYG</subfield><subfield code="b">eng</subfield><subfield code="c">NYG</subfield><subfield code="d">DLC</subfield><subfield code="d">NYS</subfield><subfield code="d">OCLCQ</subfield></datafield><datafield ind1="1" ind2=" " tag="029"><subfield code="a">AU@</subfield><subfield code="b">000020544664</subfield></datafield><datafield ind1=" " ind2=" " tag="042"><subfield code="a">msc</subfield></datafield><datafield ind1="0" ind2="0" tag="050"><subfield code="a">Newspaper 8884</subfield></datafield><datafield ind1="0" ind2=" " tag="130"><subfield code="a">Columbia Republican (Hudson, N.Y. : 1881)</subfield></datafield><datafield ind1="0" ind2="4" tag="245"><subfield code="a">The Columbia Republican.</subfield></datafield><datafield ind1=" " ind2=" " tag="260"><subfield code="a">Hudson, N.Y. :</subfield><subfield code="b">Wm. Bryan &amp; Son,</subfield><subfield code="c">1881-1923.</subfield></datafield><datafield ind1=" " ind2=" " tag="300"><subfield code="a">42 v. ;</subfield><subfield code="c">71 cm.</subfield></datafield><datafield ind1=" " ind2=" " tag="310"><subfield code="a">Weekly,</subfield><subfield code="b">&lt;1920&gt;</subfield></datafield><datafield ind1=" " ind2=" " tag="321"><subfield code="a">Weekly,</subfield><subfield code="b">1881-&lt;1892&gt;</subfield></datafield><datafield ind1=" " ind2=" " tag="321"><subfield code="a">Semiweekly,</subfield><subfield code="b">&lt;1909&gt;</subfield></datafield><datafield ind1="0" ind2=" " tag="362"><subfield code="a">Vol. 62, no. 19 (May 5, 1881)-v. 103, no. 44 (June 26, 1923).</subfield></datafield><datafield ind1=" " ind2=" " tag="500"><subfield code="a">Publishers: William Bryan &amp; Son, 1881-&lt;1885&gt;; Bryan Print. Co., &lt;1909-1920&gt;.</subfield></datafield><datafield ind1=" " ind2=" " tag="500"><subfield code="a">"Official Paper of the County", 1881-</subfield></datafield><datafield ind1=" " ind2=" " tag="580"><subfield code="a">Daily eds.: Hudson Republican (Hudson, N.Y. : 1879), 1881-1904; Hudson morning Republican, 1904-1909; Hudson Republican (Hudson, N.Y. : 1909), 1909-1923.</subfield></datafield><datafield ind1=" " ind2="4" tag="651"><subfield code="a">Hudson (N.Y.)</subfield><subfield code="v">Newspapers.</subfield></datafield><datafield ind1=" " ind2=" " tag="752"><subfield code="a">United States</subfield><subfield code="b">New York</subfield><subfield code="c">Columbia</subfield><subfield code="d">Hudson.</subfield></datafield><datafield ind1="1" ind2=" " tag="775"><subfield code="t">Hudson Republican (Hudson, N.Y. : 1879)</subfield><subfield code="w">(DLC)sn 84031401</subfield><subfield code="w">(OCoLC)10929491</subfield></datafield><datafield ind1="1" ind2=" " tag="775"><subfield code="t">Hudson morning Republican</subfield><subfield code="w">(DLC)sn 89071097</subfield><subfield code="w">(OCoLC)19057482</subfield></datafield><datafield ind1="1" ind2=" " tag="775"><subfield code="t">Hudson Republican (Hudson, N.Y. : 1909)</subfield><subfield code="w">(DLC)sn 89071118</subfield><subfield code="w">(OCoLC)19274617</subfield></datafield><datafield ind1="0" ind2="0" tag="780"><subfield code="t">Columbia Republican. And Hudson weekly star</subfield><subfield code="w">(DLC)sn 85026688</subfield><subfield code="w">(OCoLC)12373151</subfield></datafield><datafield ind1="0" ind2="4" tag="785"><subfield code="t">Evening star (Hudson, N.Y.)</subfield><subfield code="w">(DLC)sn 84031406</subfield><subfield code="w">(OCoLC)10929690</subfield></datafield></record>